@TECHREPORT{ethersphere2016smash,
  author = {Viktor Tr√≥n and Aron Fischer and Daniel Varga},
  title = {smash-proof: auditable storage in swarm secured by masked audit secret hash},
  institution = {Ethersphere},
  note = {Ethersphere Orange Papers 2},
  year = {2016}
}

@misc{filecoin2014,
  author = {Filecoin},
  title = {Filecoin: a cryptocurrency operated file storage network},
  year = {2014},
  url={http://filecoin.io/filecoin.pdf}
}


@TECHREPORT{wilkinson2014metadisk,
  title={MetaDisk A Blockchain-Based Decentralized File Storage Application},
  author={Wilkinson, Shawn and Lowry, Jim},
  year={2014},
  institution={Metadisk},
  url={http://metadisk.org/metadisk.pdf},
}
