@article{buterin2014next,
  title={A next-generation smart contract and decentralized application platform},
  author={Buterin, Vitalik},
  journal={White Paper},
  year={2014}
}


@misc{nakamoto2008bitcoin,
  title={Bitcoin: A peer-to-peer electronic cash system},
  author={Nakamoto, Satoshi},
  year={2008},
  url = {https://bitcoin.org/bitcoin.pdf},
}

@TECHREPORT{ethersphere2016sw3,
  author = {Viktor Trón and Aron Fischer and Daniel Nagy A and Zsolt Felföldi},
  title = {swap, swear and swindle: incentive system for swarm},
  institution = {Ethersphere},
  note = {Ethersphere Orange Papers 1},
  year = {2016}
}

@TECHREPORT{ethersphere2016smash,
  author = {Viktor Trón and Aron Fischer and Daniel Varga},
  title = {smash-proof: auditable storage in swarm secured by masked audit secret hash},
  institution = {Ethersphere},
  note = {Ethersphere Orange Papers 2},
  year = {2016}
}
@TECHREPORT{ethersphere2016swap,
  author = {Viktor Trón and Aron Fischer},
  title = {State channel networks: accounting and litigation on the blockchain (tentative title)},
  institution = {Ethersphere},
  note = {Ethersphere Orange Papers},
  year = {2016 (to be published)}
}

@misc{filecoin2014,
  author = {Filecoin},
  title = {Filecoin: a cryptocurrency operated file storage network},
  year = {2014},
  url={http://filecoin.io/filecoin.pdf}
}

@misc{ipfs2014,
  author = {IPFS},
  title = {Interplanetary File System},
  year = {2014},
  url={http://ipfs.io/ipfs.pdf}
}

@TECHREPORT{wilkinson2014metadisk,
  title={MetaDisk A Blockchain-Based Decentralized File Storage Application},
  author={Wilkinson, Shawn and Lowry, Jim},
  year={2014},
  institution={Metadisk},
  url={http://metadisk.org/metadisk.pdf},
}

@inproceedings{plank2006optimizing,
  title={Optimizing Cauchy Reed-Solomon codes for fault-tolerant network storage applications},
  author={Plank, James S and Xu, Lihao},
  booktitle={Network Computing and Applications, 2006. NCA 2006. Fifth IEEE International Symposium on},
  pages={173--180},
  year={2006},
  organization={IEEE}
}

@inproceedings{plank2009performance,
  title={A Performance Evaluation and Examination of Open-Source Erasure Coding Libraries for Storage.},
  author={Plank, James S and Luo, Jianqiang and Schuman, Catherine D and Xu, Lihao and Wilcox-O'Hearn, Zooko and others},
  booktitle={FAST},
  volume={9},
  pages={253--265},
  year={2009}
}


@techreport{lubyetal1995CRS,
  title={An xor-based erasure-resilient coding scheme},
  author={Bloemer, Johannes and Malik Kalfane and Richard Karp and Marek Karpinski and Michael Luby and David Zuckerman},
  year={1995},
  note={Technical Report TR-95-048},
  institution={International Computer Science Institute}
}

@MISC{buterin2014erasure,
  title={Secret sharing and erasure coding:  A guide for the aspiring dropbox decentralizer},
  author={Vitalik Buterin},
  year={2014},
  url={https://blog.ethereum.org/2014/08/16/secret-sharing-erasure-coding-guide-aspiring-dropbox-decentralizer}
}

@techreport{vorick2014sia,
  title={Sia: Simple Decentralized Storage},
  author={Vorick, David and Champine, Luke},
  year={2014},
  institution={Sia},
  url={http://www.siacoin.com/whitepaper.pdf},
}

@techreport{jansen2014onions,
  title={From onions to shallots: Rewarding Tor relays with TEARS},
  author={Jansen, Rob and Miller, Andrew and Syverson, Paul and Ford, Bryan},
  year={2014},
  institution={DTIC Document}
}



@misc{florincoin2014,
author  = {Florincoin},
title  = {Florincoin},
publisher = {florincoin},
url  = {http://florincoin.org/florincoin.pdf},
year   = {2014}
}

@misc{kwoketal2005,
title  = {A Server-mediated Peer-to-peer System},
author = {Kwok, S. H. and  K. Y. Chan and  Y. M. Cheung},
note   = {ACM SIGecom Exchanges 5 (Apr. 2005): 38-47. Print.},
year   = {April 2005}
}


@inproceedings{miller2014permacoin,
  title={Permacoin: Repurposing bitcoin work for data preservation},
  author={Miller, Andrew and Juels, Ari and Shi, Elaine and Parno, Bryan and Katz, Jonathan},
  booktitle={Security and Privacy (SP), 2014 IEEE Symposium on},
  pages={475--490},
  year={2014},
  url={https://www.cs.umd.edu/~elaine/docs/permacoin.pdf},
  organization={IEEE}
}

@TECHREPORT{wilkinsonetal2014storj,
  title={Storj A Peer-to-Peer Cloud Storage Network},
  author={Wilkinson, Shawn and Boshevski, Tome and Brandoff, Josh and Buterin, Vitalik},
  year={2014},
  note={v1.01},
  institution={storj},
  url={https://storj.io/storj.pdf}
}


@techreport{ghoshetal2014tor,
  title  = {A TorPath to TorCoin: Proof-of-Bandwidth Altcoins for Compensating Relays},
  author = { Mainak Ghosh and  M. Richardson and  B. Ford and R. Jansen},
  year   = {2014},
  institution = {petsymposium},
  url={https://www.petsymposium.org/2014/papers/Ghosh.pdf}
}

@misc{btcmicro2014,
title  = {Bitcoin Micropayments, a New Enabling Technology},
note   = {\url{http://bitcoinmagazine.com/12654/bitcoin-micropayments-new-enabling-technology/}},
year   = {2014}
}


% proof of custody papers


% Hovav Shacham, Brent Waters, Compact Proofs of Retrievability, Proc. of Asiacrypt 2008, vol. 5350, Dec 2008, pp. 90-107
@article{shacham2013compact,
  title={Compact proofs of retrievability},
  author={Shacham, Hovav and Waters, Brent},
  journal={Journal of cryptology},
  volume={26},
  number={3},
  pages={442--483},
  year={2013},
  publisher={Springer}
}

@incollection{ateniese2009proofs,
  title={Proofs of storage from homomorphic identification protocols},
  author={Ateniese, Giuseppe and Kamara, Seny and Katz, Jonathan},
  booktitle={Advances in Cryptology--ASIACRYPT 2009},
  pages={319--333},
  year={2009},
  publisher={Springer}
}

@inproceedings{bowers2009proofs,
  title={Proofs of retrievability: Theory and implementation},
  author={Bowers, Kevin D and Juels, Ari and Oprea, Alina},
  booktitle={Proceedings of the 2009 ACM workshop on Cloud computing security},
  pages={43--54},
  year={2009},
  organization={ACM}
}

@incollection{dodis2009proofs,
  title={Proofs of retrievability via hardness amplification},
  author={Dodis, Yevgeniy and Vadhan, Salil and Wichs, Daniel},
  booktitle={Theory of cryptography},
  pages={109--127},
  year={2009},
  publisher={Springer}
}

@inproceedings{zheng2011fair,
  title={Fair and dynamic proofs of retrievability},
  author={Zheng, Qingji and Xu, Shouhuai},
  booktitle={Proceedings of the first ACM conference on Data and application security and privacy},
  pages={237--248},
  year={2011},
  organization={ACM}
}

@article{zhu2011zero,
  title={Zero-knowledge proofs of retrievability},
  author={Zhu, Yan and Wang, HuaiXi and Hu, ZeXing and Ahn, Gail-Joon and Hu, Hongxin},
  journal={Science China Information Sciences},
  volume={54},
  number={8},
  pages={1608--1617},
  year={2011},
  publisher={Springer}
}

@inproceedings{yuan2013proofs,
  title={Proofs of retrievability with public verifiability and constant communication cost in cloud},
  author={Yuan, Jiawei and Yu, Shucheng},
  booktitle={Proceedings of the 2013 international workshop on Security in cloud computing},
  pages={19--26},
  year={2013},
  organization={ACM}
}

@article{kravchenkocryptographic,
  title={Cryptographic proof of custody for incentivized filesharing},
  author={Kravchenko, Pavel and Zamfir, Vlad}
}

@inproceedings{merkle1980protocols,
  title={Protocols for public key cryptosystems},
  author={Merkle, Ralph C},
  booktitle={null},
  pages={122},
  booktitle={Proc. 1980 Symposium on Security and Privacy, IEEE Computer Society},
  organization={IEEE}
}

@incollection{maymounkov2002kademlia,
  title={Kademlia: A peer-to-peer information system based on the xor metric},
  author={Maymounkov, Petar and Mazieres, David},
  booktitle={Peer-to-Peer Systems},
  pages={53--65},
  year={2002},
  publisher={Springer}
}
