@TECHREPORT{ethersphere2016sw3,
  author = {Viktor Trón and Aron Fischer and Daniel Nagy A, Zsolt Felföldi},
  title = {swap, swear and swindle: incentive system for swarm},
  institution = {Ethersphere--ETHDEV},
  note = {Ethersphere Orange Papers 2},
  year = {2016}
}


@TECHREPORT{wilkinsonetal2014storj,
  title={Storj A Peer-to-Peer Cloud Storage Network},
  author={Wilkinson, Shawn and Boshevski, Tome and Brandoff, Josh and Buterin, Vitalik},
  year={2014},
  institution={storj},
  url={http://metadisk.org/metadisk.pdf}
}
